@inproceedings{goto2005musicream,
  title={Musicream: New Music Playback Interface for Streaming, Sticking, Sorting, and Recalling Musical Pieces.},
  author={Goto, Masataka and Goto, Takayuki},
  booktitle={International Conference on Music Information Retrieval (ISMIR)},
  pages={404--411},
  year={2005},
  doi={10.1.1.76.3076}
}

@inproceedings{pampalk2007musicsun,
  title={MusicSun: A New Approach to Artist Recommendation.},
  author={Pampalk, Elias and Goto, Masataka},
  booktitle={International Conference on Music Information Retrieval (ISMIR)},
  pages={101--104},
  year={2007},
  doi={10.1.1.69.1403}
} 

@inproceedings{knees2006innovative,
  title={An innovative three-dimensional user interface for exploring music collections enriched},
  author={Knees, Peter and Schedl, Markus and Pohle, Tim and Widmer, Gerhard},
  booktitle={Proceedings of the 14th annual ACM international conference on Multimedia},
  pages={17--24},
  year={2006},
  organization={ACM},
  doi={10.1145/1180639.1180652}
}


@MastersThesis{MusicBox,
   author     =     {Lillie, Anita Shen},
    title     =     {{MusicBox: Navigating the space of your music}},
    school     =     {Massachusetts Institute of Technology},
    address     =     {MA},
    year     =     {2008},
}


@article{coleman2007mused,
  title={Mused: Navigating the personal sample library},
  author={Coleman, Graham},
  journal={International Computer Music Conference (ICMC), Copenhagen, Denmark},
  year={2007},
  publisher={Citeseer}
}

@article{kruskal1964multidimensional,
  title={Multidimensional scaling by optimizing goodness of fit to a nonmetric hypothesis},
  author={Kruskal, Joseph B},
  journal={Psychometrika},
  volume={29},
  number={1},
  pages={1--27},
  year={1964},
  publisher={Springer},
  doi={10.1007/BF02289565}
}

@inproceedings{schwarz2009scalability,
  title={Scalability in content-based navigation of sound databases},
  author={Schwarz, Diemo and Schnell, Norbert and Gulluni, Sebastien},
  booktitle={International Computer Music Conference (ICMC)},
  year={2009}
}

@inproceedings{streich2008music,
  title={A music loop explorer system},
  author={Streich, Sebastian and Ong, Bee Suan},
  booktitle={Proceedings of the International Computer Music Conference (ICMC), Belfast, Northern Ireland},
  year={2008}
}

@article{fernstrom2001sonic,
  title={Sonic Browsing: an auditory tool for multimedia asset management},
  author={Fernstrom, Mikael and Brazil, Eoin},
  year={2001},
  publisher={Georgia Institute of Technology},
  doi={10.1.1.122.651}
}

@article{tzanetakis2002musical,
  title={Musical genre classification of audio signals},
  author={Tzanetakis, George and Cook, Perry},
  journal={IEEE transactions on Speech and Audio Processing},
  volume={10},
  number={5},
  pages={293--302},
  year={2002},
  publisher={IEEE},
  doi={10.1109/TSA.2002.800560}, 
}

@inproceedings{tzanetakis2003musescape,
  title={MUSESCAPE: An interactive content-aware music browser},
  author={Tzanetakis, George},
  booktitle={Proc. Conference on Digital Audio Effects (DAFX)},
  year={2003},
  doi={10.1.1.10.8503}
}

@article{pampalk2004exploring,
  title={Exploring music collections by browsing different views},
  author={Pampalk, Elias and Dixon, Simon and Widmer, Gerhard},
  journal={Computer Music Journal},
  volume={28},
  number={2},
  pages={49--62},
  year={2004},
  publisher={MIT Press},
  doi={10.1162/014892604323112248}
}

@inproceedings{pampalk2006musicrainbow,
  title={MusicRainbow: A New User Interface to Discover Artists Using Audio-based Similarity and Web-based Labeling.},
  author={Pampalk, Elias and Goto, Masataka},
  booktitle={International Conference on Music Information Retrieval (ISMIR)},
  pages={367--370},
  year={2006},
  organization={Citeseer},
  doi={10.1.1.329.1071}
}

@inproceedings{schwarz2009sound,
  title={Sound search by content-based navigation in large databases},
  author={Schwarz, Diemo and Schnell, Norbert},
  booktitle={Sound and Music Computing (SMC) Conference},
  pages={1--1},
  year={2009},
  doi={10.1.1.170.1416}
}
@book{gibbons2011nonparametric,
  title={Nonparametric statistical inference},
  author={Gibbons, Jean Dickinson and Chakraborti, Subhabrata},
  year={2011},
  publisher={Springer},
  doi={10.1002/bimj.4710280806}
}

@article{houix2012lexical,
  title={A lexical analysis of environmental sound categories.},
  author={Houix, Olivier and Lemaitre, Guillaume and Misdariis, Nicolas and Susini, Patrick and Urdapilleta, Isabel},
  journal={Journal of Experimental Psychology: Applied},
  volume={18},
  number={1},
  pages={52},
  year={2012},
  publisher={American Psychological Association},
  doi = {10.1037/a0026240}
}


@article{2011-d3,
  title = {D3: Data-Driven Documents},
  author = {Michael Bostock AND Vadim Ogievetsky AND Jeffrey Heer},
  journal = {IEEE Trans. Visualization \& Comp. Graphics (Proc. InfoVis)},
  year = {2011},
  doi={10.1109/TVCG.2011.185}
}

@article{dubois2006cognitive,
  title={A cognitive approach to urban soundscapes: Using verbal data to access everyday life auditory categories},
  author={Dubois, Dani{\`e}le and Guastavino, Catherine and Raimbault, Manon},
  journal={Acta Acustica united with Acustica},
  volume={92},
  number={6},
  pages={865--874},
  year={2006},
  publisher={S. Hirzel Verlag}
}

@inproceedings{niessen2010categories,
  title={Categories for soundscape: toward a hybrid classification},
  author={Niessen, Maria and Cance, Caroline and Dubois, Dani{\`e}le},
  booktitle={INTER-NOISE and NOISE-CON Congress and Conference Proceedings},
  volume={2010},
  number={5},
  pages={5816--5829},
  year={2010},
  organization={Institute of Noise Control Engineering}
}

@article{brown2011towards,
  title={Towards standardization in soundscape preference assessment},
  author={Brown, AL and Kang, Jian and Gjestland, Truls},
  journal={Applied Acoustics},
  volume={72},
  number={6},
  pages={387--392},
  year={2011},
  doi = {10.1016/j.apacoust.2011.01.001},
  publisher={Elsevier}
}


@inproceedings{buchholz2011crowdsourcing,
  title={Crowdsourcing Preference Tests, and How to Detect Cheating.},
  author={Buchholz, Sabine and Latorre, Javier},
  booktitle={INTERSPEECH},
  pages={3053--3056},
  year={2011}
}


@inproceedings{komarov2013crowdsourcing,
  title={Crowdsourcing performance evaluations of user interfaces},
  author={Komarov, Steven and Reinecke, Katharina and Gajos, Krzysztof Z},
  booktitle={Proceedings of the SIGCHI Conference on Human Factors in Computing Systems},
  pages={207--216},
  year={2013},
  organization={ACM},
  doi={10.1145/2470654.2470684}
}

@article{Wold1996,
author = {Wold, E and Blum, T. and Keislar, D and Wheaten, J},
file = {:Users/lagrange/Library/Application Support/Mendeley Desktop/Downloaded/0b943751afe6302e28f7e94ff53028e1d04f55e4.pdf:pdf},
journal = {IEEE Multimedia},
mendeley-groups = {wac},
title = {{Content based retrieval of audio}},
year = {1996},
doi={10.1109/93.556537}
}

@article{Cano2002,
author = {Cano, Pedro and Kaltenbrunner, Martin and Gouyon, Fabien and Batlle, Eloi},
file = {:Users/lagrange/Library/Application Support/Mendeley Desktop/Downloaded/c9d0942b8aa3f30a625fec1bbce25b52f12cf3b7.pdf:pdf},
journal = {International Conference on Music Information Retrieval (ISMIR)},
mendeley-groups = {wac},
title = {{On the Use of FastMap for Audio Retrieval and Browsing}},
year = {2002},
doi={10.1.1.12.6101}
}

@article{Kobayashi1997,
author = {Kobayashi, Minoru and Schmandt, Chris},
file = {:Users/lagrange/Library/Application Support/Mendeley Desktop/Downloaded/4a032d73672b4ff0b7c5c53493f09887cf7b2c84.pdf:pdf},
journal = {ACM SIGCHI Conference},
keywords = {implementation is reported next,mapping of audio,of audio and the,papec the simultaneous presentation,spatial,the audio presentation is,the iterative design approach,toward},
mendeley-groups = {wac},
title = {{Dynamic Soundscape: mapping time to space for audio browsing}},
volume = {8},
year = {1997},
doi={10.1145/258549.258702}
}


@article{Zhang1999,
author = {Zhang, T and Kuo, CCJ},
file = {:Users/lagrange/Library/Application Support/Mendeley Desktop/Downloaded/2806a354fc2c1eff377832f6639428839209febe.pdf:pdf},
journal = {IEEE Transactions on Acoustics, Speech, and Signal Processing},
mendeley-groups = {wac},
pages = {1--4},
title = {{Hierarchical classification of audio data for archiving and retrieving}},
year = {1999},
doi={10.1109/ICASSP.1999.757472}
}

@inproceedings{Tzanetakis1999,
author = {Tzanetakis, George and Cook, Perry},
booktitle = {IEEE WASPAA},
file = {:Users/lagrange/Library/Application Support/Mendeley Desktop/Downloaded/4d3710a836d00e3190fcc02afa8fb7efb0499746.pdf:pdf},
keywords = {searching techniques is used,to index a terrabyte,video},
mendeley-groups = {wac},
pages = {1--4},
title = {{Multifeature audio segmentation for browsing and annotation}},
year = {1999},
doi={10.1109/ASPAA.1999.810860}
}






